@book{labyrint,
  title={Průvodce labyrintem algoritmů},
  author={Mares, Martin},
  year={2021},
  publisher={CZ. NIC, zspo}
}
